@book{Rasmussen,
  author    = {Karl Aage Rasmussen},
  year      = {1991},
  title     = {Noteworthy Danes: Portraits of Eleven Danish Composers},
  publisher = {Wilhelm Hansen},
  address   = {Copenhagen},
}

@book{White,
  author    = {John David White},
  year      = {2002},
  title     = {New Music of the Nordic Countries},
  publisher = {Pendragon Press},
  address   = {Hillsdale, NY},
}

@phdthesis{Ernste,
	author   = {Kevin Ernste},
	title    = {Hans Abrahamsen's \emph{Winternacht:} Reflections on an Etching by M.C. Escher},
	school   = {University of Rochester},
	year     = {2006},
}

@online{NYT,
  author  = {William Robin},
  title   = {Hans Abrahamsen{:} Fame and Snow Falling on a Composer},
  year    = {2016},
  url     = {http://www.nytimes.com/2016/03/13/arts/music/hans-abrahamsen-fame-and-snow-falling-on-a-composer.html},
  urldate = {2016-03-21},
}

@online{FourPiecesPN,
  author  = {Stephen Johnson},
  title   = {\emph{Fire Stykker for Orkester}},
  year    = {2004},
  url     = {http://www.musicsalesclassical.com/composer/work/1/20289},
  urldate = {2016-03-31},
  note    = {Program Note},
}

@online{SQ3PN,
  author  = {Hans Abrahamsen},
  title   = {\emph{String Quartet No. 3}},
  year    = {2008},
  url     = {http://www.musicsalesclassical.com/composer/work/1/36682},
  urldate = {2016-03-31},
  note    = {Program Note},
}

@online{WaldenPN,
  author  = {Hans Abrahamsen},
  title   = {\emph{Walden}},
  year    = {1978},
  url     = {http://www.musicsalesclassical.com/composer/work/1/21805},
  urldate = {2016-03-30},
  note    = {Program Note},
}

@online{WaldPN,
  author  = {Hans Abrahamsen},
  title   = {\emph{Wald}},
  year    = {2009},
  url     = {http://www.musicsalesclassical.com/composer/work/1/43185},
  urldate = {2016-03-30},
  note    = {Program Note},
}

@music{WaldRec,
  author = {Hans Abrahamsen},
  editor = {Reinbert de Leeuw},
  editortype = {conductor},
  editorb = {Asko Schonberg},
  title = {Hans Abrahamsen{:} Walden{/}Wald},
  publisher = {Winter and Winter},
  date = {2013-09-02},
  type = {compact disc},
}
