@book{Downes,
    author    = {Michael Downes},
	year      = {2009},
    title     = {Jonathan Harvey: Song Offerings and White as Jasmine},
    publisher = {Ashgate},
    address   = {Burlington, VT}
}

@book{Hanninen,
    author    = {Dora Hanninen},
	year      = {2012},
    title     = {A Theory of Music Analysis: On Segmentation and Associative Organization},
    publisher = {University of Rochester Press},
    address   = {Rochester, NY}
}

@book{HarveySpirit,
    author    = {Jonathan Harvey},
	year      = {1999},
    title     = {In Quest of Spirit: Thoughts on Music (Ernest Bloch Lectures)},
    publisher = {University of California Press},
    address   = {Oakland, CA}
}

@book{Palmer,
    author    = {John Palmer},
    year      = {2001},
    title     = {Jonathan Harvey's Bhakti for Chamber Ensemble and Electronics},
    publisher = {Edwin Mellen Press},
    address   = {Lewiston, NY}
}

@book{Whittall,
    author    = {Arnold Whittall},
	year      = {1999},
    title     = {Jonathan Harvey},
    publisher = {Faber and Faber},
    address   = {London}
}

@incollection{Johnson,
    author		= {Julian Johnson},
	year		= {2003},
	title		= {An Interview with Jonathan Harvey},
    booktitle	= {Aspects of British Music of the 1990s},
    editor		= {Peter O'Hagan},
    publisher	= {Ashgate},
    address		= {Burlington, VT}
}

@conference{Bossis,
	author = {Bruno Bossis},
	title = {Musical Structures and Technology as Transcendence in Jonathan Harvey's Music},
	year = {2008},
	month = {July},
	organization = {Proceedings of the Fourth Conference on Interdisciplinary Musicology (CIM08)}, 
	address = {Thessaloniki, Greece}
}

@article{Evans,
	author = {Peter Evans},
	title = {Jonathan Harvey's Recent Works},
	journal = {The Musical Times},
	year = {1975},
	number = {1589},
	volume = {116},
	pages = {616--619}
}

@book{HarveyInspiration,
	author = {Jonathan Harvey},
	title = {Music and Inspiration},
	year = {1999},
	publisher = {Faber and Faber},
	address = {New York}
}

@article{HarveyAtonality,
	author = {Jonathan Harvey},
	title = {The Composer's View: Atonality},
	journal = {The Musical Times},
	year = {1980},
	volume = {121}, 
	number = {1653},
	pages = {699--700}	 
}

@article{HarveyModern,
	author = {Jonathan Harvey},
	title = {Experiencing Modern Music}, 
	journal = {Times Literary Supplement}, 
	year = {1992},
	month = {June 19},
	pages = {16}
}

@article{HarveyHeart,
	author = {Jonathan Harvey},
	title = {Heart to Heart},
	journal = {Perspectives of New Music},
	year = {1973},
	volume = {11}, 
	number = {2},
	pages = {253--256}
}

@article{HarveyInnerLight,
	author = {Jonathan Harvey},
	title = {Inner Light (3)},
	journal = {The Musical Times},
	year = {1976},
	volume = {117}, 
	number = {1596},
	pages = {125--127}
}

@article{HarveyMadonna,
	author = {Jonathan Harvey},
	title = {Madonna of Winter and Spring},
	journal = {The Musical Times},
	year = {1986},
	volume = {127},
	number = {1720},
	pages = {431--433}
}

@article{HarveyLiveEA,
	author = {Jonathan Harvey},
	title = {The Metaphysics of Live Electronic Music}, 
	journal = {Contemporary Music Review},
	year = {1999},
	volume = {18 part 3},
	pages = {79--82}
}

@article{HarveyReflection,
	author = {Jonathan Harvey},
	title = {Reflection After Composition}, 
	journal = {Tempo}, 
	volume = {New Series},
	year = {1982},
	number = {140},
	pages = {2--4}
}

@article{HarveyRespect,
	author = {Jonathan Harvey},
	title = {Respect for the New},
	journal = {The Musical Times},
	year = {1991},
	volume = {132},
	number = {1786},
	pages = {612}
}

@article{HarveySounding,
	author = {Jonathan Harvey},
	title = {Sounding Out the Inner Self}, 
	journal = {The Musical Times},
	year = {1992},
	volume = {133}, 
	number = {1798},
	pages = {614}
}

@article{HarveySpectralism,
	author = {Jonathan Harvey},
	title = {Spectralism}, 
	journal = {Contemporary Music Review},
	year = {2001},
	volume = {19 part 3},
	pages = {11--14}
}

@article{PalmerInterview,
	author = {John Palmer},
	title = {A Conversation with Jonathan Harvey}, 
	journal = {20th Century Music},
	year = {1998},
	volume = {5}, 
	number = {8},
	pages = {1--8}
}

@phdthesis{Seo,
	author = {Ju Ri Seo},
	title = {Jonathan Harvey's String Quartets},
	school = {University of Illinois at Urbana Champaign},
	year = {2013},
}

